@article{delapena13,
	author = {{De la Pe{\~n}a}, Mar{\'\i}a Eugenia and Ducci, Jorge and Zamora, Viridiana},
	journal = {Nota t{\'e}cnica IDB-TN-521},
	month = jun,
	pages = {10--20},
	title = {Tratamiento de aguas residuales en M{\'e}xico},
	volume = {12},
	year = {2013}
}

@booklet{tratGOB,
	author = {FONATUR-Infraestructura},
	howpublished = {Disponible en: https://www.gob.mx/fmt/acciones-y-programas/tratamiento-de-aguas-residuales-162692},
	month = {Junio},
	note = {Accesado el 16/09/2022},
	publisher = {Gobierno de M{\'e}xico},
	title = {Tratamiento de Aguas Residuales},
	year = {2018}
}

@inbook{carreno17,
	address = {Bogot{\'a}, Colombia},
	author = {{Lazcano Carre{\~n}o}, C{\'e}sar Augusto},
	booktitle = {Biotecnolog{\'\i}a ambiental de aguas y aguas residuales},
	institution = {Universidad Mayor de San Marcos},
	isbn = {978-958-771-344-2},
	month = {Julio},
	note = {pag. 230 -- 290},
	pages = {231 -- 290},
	publisher = {Ecoe Ediciones Ldta.},
	title = {Biotecnolog{\'\i}a ambiental de aguas y aguas residuales (2{\textordfeminine} Ed.)},
	year = {2017}
}

@inbook{ron,
	address = {Bogot{\'a}, Colombia},
	author = {Crites, Ron and Tchobanoglous, George},
	note = {pag: 25},
	pages = {20},
	publisher = {McGraw-Hill},
	title = {Tratamiento de Aguas Residuales en Peque{\~n}as Poblaciones},
	year = {2000}
}

@inbook{manuel13,
	address = {Madrid, Espa{\~n}a},
	author = {{Gil Rodr{\'\i}guez}, Manuel},
	pages = {3},
	publisher = {Ibergarceta Publicaciones S.L.},
	title = {Depuraci{\'o}n de aguas residuales: Modelizaci{\'o}n de precesos de lodos activos (2{\textordfeminine} ed.)},
	year = {2013}
}

@inbook{ashok16,
	address = {Hershey, Pensilvania},
	author = {Rathoure, Ashok K. and Dhatwalia, Vinod K.},
	month = jan,
	pages = {240--246},
	publisher = {IGI Global},
	title = {Toxicity and waste management using bioremediation},
	year = {2016}
}

@inbook{winkler96,
	address = {Ciudad de M{\'e}xico, M{\'e}xico},
	author = {Winkler, Michael A.},
	pages = {116--118},
	publisher = {Editorial Limusa},
	title = {Tratamiento biol{\'o}gico de aguas de desecho},
	year = {1996}
}

@book{acuiferolag,
	address = {Ciudad de M{\'e}xico, M{\'e}xico},
	author = {Conagua},
	howpublished = {Disponible en: http://sigagis.conagua.gob.mx/gas1/Edos\_Acuiferos\_18/jalisco/DR\_1410.pdf},
	journal = {Acuiferos de Jalisco},
	month = aug,
	note = {Accesado el 20/09/2022},
	pages = {18 -- 22},
	publisher = {Subdirecci{\'o}n General T{\'e}cnica},
	title = {Actualizaci{\'o}n de la Disponibilidad de agua en el acu{\'\i}fero Lagos de Moreno, estado de Jalisco},
	year = {2020}
}

@booklet{informeods2021,
	author = {ONU},
	howpublished = {Disponible en: http://unstats.un.org/sdgs/report/2021/The-Sustainable-Development-Goals-Report-2021\_Spanish.pdf},
	institution = {United Nations Statistics Division},
	month = jul,
	note = {Accesado el 12/10/2022},
	pages = {38, 39},
	title = {Informe de los Objetivos de Desarrollo Sostenible 2021},
	year = {2021}
}

@book{msm,
	author = {Conagua},
	howpublished = {Disponible en: https://smn.conagua.gob.mx/es/climatologia/monitor-de-sequia/monitor-de-sequia-en-mexico},
	note = {Accesado el 20/09/2022},
	publisher = {Sistema Meteorol{\'o}gico Nacional},
	title = {Monitor de Sequ{\'\i}a en M{\'e}xico (MSM)},
	year = {2022}
}

@book{aa2030,
	address = {M{\'e}xico, D. F.},
	author = {Conagua},
	month = mar,
	pages = {16 -- 22, 46 -- 48},
	publisher = {SEMARNAT M{\'e}xico},
	title = {Agenda del Agua 2030},
	year = {2011}
}

@techreport{fichalagos,
	address = {Guadalajara, M{\'e}xico},
	author = {{Comisi{\'o}n Estatal del Agua Jalisco}},
	institution = {Secretar{\'\i}a General del Estado de Jalisco},
	pages = {23 -- 29},
	title = {Ficha T{\'e}cnica Hidrol{\'o}gica Municipal},
	year = {2015}
}

@inbook{martinez2005,
	address = {M{\'e}xico D. F.},
	author = {{Mart{\'\i}nez D.}, {Sergio A.} and {Rodr{\'\i}guez R.}, {Miriam G.}},
	chapter = {{Determinaci{\'o}n de los Par{\'a}metros Biocin{\'e}ticos}},
	institution = {UAM Azcapotzalco},
	pages = {124 -- 153},
	publisher = {Editorial Revert{\'e}},
	title = {Tratamiento de Aguas Residuales con MATLAB{\textregistered}},
	year = {2005}
}

@article{mendez2004,
	author = {M{\'e}ndez, Leonor and Miyashiro, Victor and Rojas, Ricardo and Cotrado, Mariela and Carrasco, Nancy},
	institution = {Universidad Mayor de San Marcos},
	journal = {Revista Del Instituto de investigaci{\'o}n De La Facultad De Minas, Metal{\'u}rgia y Geograf{\'\i}a},
	number = {14},
	pages = {74 -- 83},
	title = {Tratamiento de Aguas Residuales Mediante Lodos Activados a Escala de Laboratorio},
	volume = {7},
	year = {2004}
}

@booklet{Sis22,
	author = {{Sistema Nacional de Informaci{\'o}n del Agua (SINA)}},
	howpublished = {Disponible en: https://agenda2030.mx/ODSind.html?ind=ODS006000250010\&cveind=193\&cveCob\\ =99\&lang=es\#/Indicator},
	institution = {.},
	month = sep,
	note = {Accesado el 12/10/2022},
	title = {Proporci{\'o}n de aguas residuales tratadas de manera adecuada},
	year = {2022}
}

@inbook{martinez2005_2,
	address = {M{\'e}xico D. F.},
	author = {{Mart{\'\i}nez D.}, {Sergio A.} and {Rodr{\'\i}guez R.}, {Miriam G.}},
	chapter = {{Modelaci{\'o}n del proceso de lodos activados}},
	institution = {UAM Azcapotzalco},
	pages = {156 -- 187},
	publisher = {Editorial Revert{\'e}},
	title = {Tratamiento de Aguas Residuales con MATLAB{\textregistered}},
	year = {2005}
}

@inbook{delgadillo,
	address = {M{\'e}xico, D. F.},
	author = {{Mart{\'\i}nez Delgadillo}, Sergio A.},
	chapter = {Determinaci{\'o}n de los Par{\'a}metros Biocin{\'e}ticos},
	institution = {Unidad Azcapotzalco},
	pages = {41 -- 54},
	publisher = {Universidad Aut{\'o}noma Metropolitana},
	title = {Par{\'a}metros de Dise{\~n}o de Sistemas de Tratamiento de Aguas Residuales: M{\'e}todos Experimentales},
	year = {1999}
}

@misc{SINA,
	author = {{Sistema de Informaci{\'o}n Nacional del Agua (SINA)}},
	howpublished = {Disponible en: http://sina.conagua.gob.mx/sina/tema.php?tema=plantasTratamiento\&ver=reporte\\ \&o=0\&n=nacional},
	month = jun,
	note = {Accesado el 12/11/2022},
	title = {Principales procesos de tratamiento de aguas residuales municipales},
	year = {2022}
}

